@article{Weyns2013,
author = {Weyns, Danny and Schmerl, Bradley and Grassi, Vincenzo and Malek, Sam and Mirandola, Raffaela and Prehofer, Christian and Wuttke, Jochen and Andersson, Jesper and Giese, Holger and G{\"{o}}schka, Karl M.},
doi = {10.1007/978-3-642-35813-5_4},
isbn = {9783642358128},
issn = {03029743},
journal = {Lecture Notes in Computer Science (including subseries Lecture Notes in Artificial Intelligence and Lecture Notes in Bioinformatics)},
pages = {76--107},
title = {{On patterns for decentralized control in self-adaptive systems}},
volume = {7475 LNCS},
year = {2013}
}